
@ARTICLE{landauer:1990,
	AUTHOR = "Scott Deerwester and Susan Dumais and Georg Furnas and Thomas Landauer and Richard Harshman",
	TITLE = "Indexing by Latent Semantic Analysis",
	JOURNAL = "Journal of the American Society for Information Science",
  VOLUME = {41},
  NUMBER = {6},
	PAGES = {391-407},
	YEAR = {1990}
}

@ARTICLE{berry:1995,
	AUTHOR = "Michael Berry and Susan Dumais and Gavin O'Brien",
	TITLE = "Using Linear Algebra for Intelligent Information Retrieval",
	JOURNAL = "SIAM Review",
  VOLUME = {37},
  NUMBER = {4},
	PAGES = {573--595},
	YEAR = {1995}
}

@INPROCEEDINGS{foltz:1990,
 author = {Peter W. Foltz},
 title = {Using latent semantic indexing for information filtering},
 booktitle = {Proceedings of the ACM SIGOIS and IEEE CS TC-OA conference on Office information systems},
 year = {1990},
 isbn = {0-89791-358-2},
 pages = {40--47},
 location = {Cambridge, Massachusetts, United States},
 doi = {http://doi.acm.org/10.1145/91474.91486},
 publisher = {ACM Press},
 address = {New York, NY, USA}
}

@INPROCEEDINGS{furnas:1988,
 author = {George Furnas and Scott Deerwester and Susan Dumais and Thomas Landauer and Richard Harshman and Lynn Streeter and Karen Lochbaum},
 title = {Information Retrieval Using a Singular Value Decomposition Model of Latent Semantic Structure},
 booktitle = {Proceedings of the 11th SIGIR},
 year = {1988},
 pages = {465--480},
 location = {Grenoble, France},
 publisher = {ACM Press},
 address = {New York, NY, USA}
}


@ARTICLE{dong:2006,
	AUTHOR = "Qiwen Dong and Xiaolong Wang and Lei Lin",
	TITLE = "Application of latent semantic analysis to protein remote homology detection",
	JOURNAL = "Bioinformatics",
    VOLUME = {22},
    NUMBER = {3},
	PAGES = {285--290},
	YEAR = {2006}
}

@ARTICLE{wu:1995,
	AUTHOR = "Cathy Wu and Michael Berry and Sailaja Shivakumar and Jerry McLarty",
	TITLE = "Neural networks for full-scale protein sequence classification: Sequence encoding with singular value decomposition",
	JOURNAL = "Machine Learning",
    VOLUME = {23},
    NUMBER = {1-2},
	PAGES = {177-193},
	YEAR = {1995}
}

@ARTICLE{kintsch:1998,
	AUTHOR = "Walter Kintsch",
	TITLE = "The Representation of Knowledge in Minds and Machines",
	JOURNAL = "International Journal of Psychology",
    VOLUME = {33},
    NUMBER = {6},
	PAGES = {411--420},
	YEAR = {1998}
}

@ARTICLE{scaife:1996,
	AUTHOR = "Mike Scaife and Yvonne Rogers",
	TITLE = "External Cognition: how do Graphical Representations work?",
	JOURNAL = "International Journal of Human-Computer Studies",
    VOLUME = {45},
    NUMBER = {2},
	PAGES = {185--213},
	YEAR = {1996}
}

@ARTICLE{perfetti:1998,
	AUTHOR = "Charles Perfetti",
	TITLE = "The limits of Co-occurrence: Tools and Theories in Language Research",
	JOURNAL = "Discourse Processes",
    VOLUME = {25},
    NUMBER = {2-3},
	PAGES = {363--377},
	YEAR = {1998}
}

@BOOK{baezayates:1999,
 author = {R. Baeza-Yates and B. Ribeiro-Neto},
 title = {Modern Information Retrieval},
 year = {1999},
 publisher = {ACM Press},
 address = {New York, NY, USA}
}


